%
% bibliografia exemplo
% UFRGS TeX Users Group
% $Id: exemplo.bib,v 5.3 2003/04/15 15:11:45 avila Exp $
%

%
% common addresses
%
%%%%%%%%%%%%%%%%%%%%%%%%%%%%%%%%%%%%%%%%%%%%%%%%%%%%%%%%%%%%%%%%%%%%%%%%%%%%
% BOOKS
%%%%%%%%%%%%%%%%%%%%%%%%%%%%%%%%%%%%%%%%%%%%%%%%%%%%%%%%%%%%%%%%%%%%%%%%%%%%
@inbook{Ogata:TEM-1995,
	author="Katsuhiko Ogata",
	title="Discrete Time Control Systems",
	edition="2nd",
	volume="2",
	address="Minnesota",
	publisher="Prentice-Hall",
	year="1995",
}

@inbook{Ogata,
	author="Katsuhiko Ogata",
	title="Engenharia de controle moderno",
	edition="3rd",
	address="Minnesota",
	publisher="Prentice-Hall",
	year="1997",
}

@inbook{NISE:1992,
	author="Norman S. Nise",
	title="Control Systems Engineering",
	edition="3rd",
	volume="2",
	address="Redwook City, California",
	publisher="Benjamin/Cummings",
	year="1992",
}

@inbook{chen,
	author = {Chen, Chi-Tsong},
	title = {Linear System Theory and Design},
	year = {1999},
	isbn = {0195117778},
	publisher = {Oxford University Press, Inc.},
	address = {New York, NY, USA},
	edition="3rd",
}

@inbook{lq_control_dorato,
	author="Peter Dorato and Chaouki Abdallah",
	title="Linear-Quadratic Control - An Introduction",
	edition="1st",
	address="New Jersey",
	publisher="Prentice-Hall",
	year="1995",
	pages="123-180"
}

@inbook{aguirre,
	author="Luis Antonio Aguirre",
	title="Introdução à identificação de sistemas, Técnicas lineares e não-lineares aplicadas a sistemas reais",
	edition="2nd",
	volume="1",
	address="Belo Horizonte, Minas Gerais",
	publisher="Editora UFMG",
	year="2004"
}

@inbook{system_identification,
	author="Torsten Soderstrom and Petre Stoica",
	title="System idendification",
	address="New york",
	publisher="Prentice Hall",
	year="2001"
}

@inbook{ljung,
	author="Lennart Ljung",
	title="System idendification: theory for the user",
	address="Upper Saddle River, N.J",
	publisher="Prentice Hall",
	year="1999"
}

@inbook{khalil,
	author="Hassan K. Khalil",
	title="Nonlinear Systems",
	address="Upper Saddle River, N.J",
	publisher="Prentice Hall",
	year="1996",
	edition="2"
}

@book{mcmillan1983tuning,
  title={Tuning and control loop performance},
  author={McMillan, G.K.},
  lccn={lc82048558},
  series={Monograph series},
  url={http://books.google.com.br/books?id=hfJTAAAAMAAJ},
  year={1983},
  publisher={Instrument Society of America}
}
%%%%%%%%%%%%%%%%%%%%%%%%%%%%%%%%%%%%%%%%%%%%%%%%%%%%%%%%%%%%%%%%%%%%%%%%%%%%
% PDH and Master Thesis
%%%%%%%%%%%%%%%%%%%%%%%%%%%%%%%%%%%%%%%%%%%%%%%%%%%%%%%%%%%%%%%%%%%%%%%%%%%%
@phdthesis{campestrini,
	author="Lucíola Campestrini",
	title="Contribuições para métodos de controle baseados em dados obtidos em apenas um experimento",
	school="Universicade Federal do Rio Grande do Sul",
	type="Doutorado em Controle e Automação",
	address="Porto Alegre",
	year="2010"
}

@phdthesis{jansson,
	author="Henrik Jansson",
	title="Experiment Design with Applications in identification for Control",
	school="Royal Institute of Technology (KHT)",
	type="Doctor thesis in Automatic Control",
	address="Stockholm, Sweden",
	year="2004"
}

@phdthesis{solari,
	author="G. E. Solari",
	title="Iterative model-free Controller Tuning",
	address="Louvain-la-Neuve, Belgium",
	publisher="Universite Catolique de Louvain-la-Neuve (UCL)",
	type="Doctor thesis",
	year="2005"
}

@mastersthesis{correa,
	author="Marcelo Vieira Corrêa",
	title="Identificação de sistemas dinâmicos não-lineares utilizando modelos NARMAX Racionais - Aplicação a sistemas reais",
	school="Universidade Federal de Minas Gerais",
	year="1997",
	type="Dissertação de mestrado, PPGEE", 
}

@mastersthesis{RoboDiff,
	author="Frederico Carvalho Vieira",
	title="Controle Dinâmico de Robôs Móveis com Acionamento Diferencial",
	school="Universidade Federal do Rio Grande do Norte",
	year="2005",
	note="Disponível em \url{ftp://ftp.ppgeec.ufrn.br/Mestrado/M130.pdf} - Ultimo acesso 27/03/2009", 
}
%%%%%%%%%%%%%%%%%%%%%%%%%%%%%%%%%%%%%%%%%%%%%%%%%%%%%%%%%%%%%%%%%%%%%%%%%%%%
% Articles
%%%%%%%%%%%%%%%%%%%%%%%%%%%%%%%%%%%%%%%%%%%%%%%%%%%%%%%%%%%%%%%%%%%%%%%%%%%%
@article{campi_savaresi2006,
	author="Marco C. Campi and Sergio M. Savaresi",
	title="Direct Nonlinear Control Design: The Virtual Reference Feedback tuning (VRFT) Approach",
	journal="IEEE Transactions on Automatic Control",
	address="London",
	volume="51",
	month="January",
	year="2006"
}

@article{campi_savaresi2000,
	author="Marco C. Campi and Sergio M. Savaresi",
	title="Virtual Reference Feedback Tuning (VRFT): a new direct approach to the design of feedback controlers",
	journal="Preceedings of 39th IEEE Conference on Decision and Control",
	address="Sydney",
	pages="623-629",
	month="December",
	year="2000"
}

@article{campi_leccini_savaresi2002,
	author="Marco C. Campi and A. Lecchini and Sergio M. Savaresi",
	title="Virtual Reference Feedback Tuning (VRFT): a direct method for the desing of feddback controllers",
	journal="Automatica",
	address="",
	pages="1337-1346",
	month="January",
	year="2002"
}

@article{billings_zhu,
	author="Billings, S. A. and Zhu, Q. M.",
	title="Model Validation tests for multicvariable nonlinear models including neural networks",
	journal="International Journal Control",
	address="",
	pages="749-766",
	month="",
	volume="62",
	year="1995"
}
@Article{aguirre_maps,
	author = 	{Luis Antonio Aguirre},
	title = 	{Recovering map static nonlinearities from chaotic data using dynamical models},
	journal = 	{Elsevier Science - Physica D},
	year = 	 	{1997},
	pages=		{41-57},
	volume=		{100}
}
@Article{billings_nl_survey,
	author = 	{S.A. Billings},
	title = 	{Identification of nonlinear systems-a survey},
	journal =	{IEE Proceedings Part D},
	year = 		{1980},
	pages=		{272-285},
	volume=		{127}
}

@Article{chen_billings_narmax,
	author = 	{S. Chen, S. A. Billings, C. F. N. Cowan and P. M. Grant},
	title = 	{Practical identification of NARMAX models using radial basis functions},
	journal = 	{International Journal Control},
	year = 		{1990},
	pages=		{1327-1350},
	volume=		{52},
	month=		{April}
}

@Article{aguirre_jacome,
	author = 	{L. A. Aguirre and C. R. F. Jácome},
	title = 	{Cluster Analysis of NARMAX models using dependent systems},
	journal = 	{IEE Proc. Control Theory Application},
	year = 		{1998},
	pages=		{409-414},
	volume=		{145},
	month=		{July}
}
@Article{glad_ljung,
	author = 	{S. Glad and L. Ljung},
	title = 	{Model structure identifiability and persistence of excitation},
	journal = 	{IEEE 29th Conference on decision and control},
	year = 		{1990},
	pages=		{3236-3240},
	volume=		{},
	month=		{December}
}

@Article{narenda_parthasarathy,
	author = 	{Kumpati S. Narendra and Kannan Parthasarathy},
	title = 	{Identification and Control of Dynamical Systems Using Neural Networks},
	journal = 	{IEEE transactlons on neural networks},
	year = 		{1990},
	pages=		{4-27},
	volume=		{1},
	month=		{March}
}
@Article{hopfield,
	author = 	{J. J. Hopfield},
	title = 	{Neural networks and physical systems with emergent collective computational abilitie},
	journal = 	{Proc. NatL Acad. Sci.},
	year = 		{1982},
	pages=		{2554-2558},
	volume=		{79},
	month=		{April}
}

@Article{tse_buck,
	author = 	{C. K. Tse},
	title = 	{Chaos from a buck switching regulator operating in a discontinuous mode},
	journal = 	{International Journal of Circuit Theory and Applications},
	year = 		{1994},
	pages=		{263-278},
	volume=		{22},
	month=		{}
}

@Article{billings_zhu91,
	author = 	{S. A. Billings and Q. M. Zhu},
	title = 	{Rational model identification using an extended least-squares algorithm},
	journal = 	{International Journal of Control},
	year = 		{1991},
	pages=		{529-546},
	volume=		{54},
	month=		{}
}

@Article{campestrini_nonminumum_phase,
	author = 	{L. Capestrini, D. Eckhard, M. Gevers and A. S. Bazanella},
	title = 	{Virtual reference feedback tuning for non minimum phase plants},
	journal = 	{Automatica},
	year = 		{2009},
	pages=		{1-11},
	volume=		{},
	month=		{October}
}

@Article{ift_theory_and_applications,
	author = 	{Hakan Hajalmarsson and M. Gevers and Gunnarsson},
	title = 	{Iterative feedback Tuning: theory andm applications},
	journal = 	{IEEE control system},
	year = 		{1998},
	pages=		{26-41},
	volume=		{},
	month=		{August}
}
@Article{hajalmson_ift_non_linear,
	author = 	{Hakan Hajalmarsson},
	title = 	{Control of nonlinear systems using Iterative Feedback Tuning},
	journal = 	{Preccedings of the American Control Conference},
	year = 		{1998},
	pages=		{2083-2087},
	volume=		{},
	month=		{June}
}
@Article{Haalman1965,
	author = 	{A. Haalman },
	title = 	{Adjusting controllers for a deadtime process},
	journal = 	{Control Engineering},
	year = 		{1965},
	pages=		{71-73},
	volume=		{},
	month=		{July}
}

@Article{leontaritis_billings1985,
	author = 	{I. J. Leontaritis and S. A. Billings},
	title = 	{Input-output Parametric models for non-linear systems Part I: Deterministic non-linear systems},
	journal = 	{Internation Journal Control},
	year = 		{1985},
	pages=		{303-328},
	volume=		{41-2},
	month=		{}
}






















